<?xml version="1.0" encoding="UTF-8"?><record xmlns="http://www.loc.gov/MARC21/slim" xmlns:cinclude="http://apache.org/cocoon/include/1.0" xmlns:zs="http://www.loc.gov/zing/srw/">
  <leader>00679nz  a2200181n  4500</leader>
  <controlfield tag="001">no2013121728</controlfield>
  <controlfield tag="003">DLC</controlfield>
  <controlfield tag="005">20131103122502.0</controlfield>
  <controlfield tag="008">131102n| azannaabn          |a aaa     c</controlfield>
  <datafield tag="010" ind1=" " ind2=" ">
    <subfield code="a">no2013121728</subfield>
  </datafield>
  <datafield tag="035" ind1=" " ind2=" ">
    <subfield code="a">(OCoLC)oca09605623</subfield>
  </datafield>
  <datafield tag="040" ind1=" " ind2=" ">
    <subfield code="a">CCSC</subfield>
    <subfield code="b">eng</subfield>
    <subfield code="e">rda</subfield>
    <subfield code="c">CCSC</subfield>
  </datafield>
  <datafield tag="046" ind1=" " ind2=" ">
    <subfield code="k">1999</subfield>
  </datafield>
  <datafield tag="100" ind1="1" ind2=" ">
    <subfield code="a">Gerkin, Charles V.,</subfield>
    <subfield code="d">1922-</subfield>
    <subfield code="t">Introduction to pastoral care.</subfield>
    <subfield code="l">Korean</subfield>
  </datafield>
  <datafield tag="336" ind1=" " ind2=" ">
    <subfield code="a">text</subfield>
    <subfield code="b">txt</subfield>
    <subfield code="2">rdacontent</subfield>
  </datafield>
  <datafield tag="377" ind1=" " ind2=" ">
    <subfield code="a">kor</subfield>
  </datafield>
  <datafield tag="400" ind1="1" ind2=" ">
    <subfield code="a">Gerkin, Charles V.,</subfield>
    <subfield code="d">1922-</subfield>
    <subfield code="t">Mokhoejŏk tolbom ŭi kaeron</subfield>
  </datafield>
  <datafield tag="670" ind1=" " ind2=" ">
    <subfield code="a">Gerkin, Charles V. Mokhoejŏk tolbom ŭi kaeron, c1999 :</subfield>
    <subfield code="b">title page verso (originally published in English under the title of An introduction to pastoral care. . . in 1997)</subfield>
  </datafield>
</record>